@Article{Roy2020,
  author    = {Roy, Soumendra Kishore and Koley, Ratna and Majumdar, Parthasarathi},
  journal   = {Physical Review D},
  title     = {Probing the post-Minkowskian approximation using recursive addition of self-interactions},
  year      = {2020},
  number    = {8},
  pages     = {084045},
  volume    = {102},
  publisher = {APS},
}

@Article{Adelberger2003,
  author    = {E.G. Adelberger and B.R. Heckel and A.E. Nelson},
  journal   = {Annual Review of Nuclear and Particle Science},
  title     = {Tests of the Gravitational Inverse-Square Law},
  year      = {2003},
  month     = dec,
  number    = {1},
  pages     = {77--121},
  volume    = {53},
  doi       = {10.1146/annurev.nucl.53.041002.110503},
  publisher = {Annual Reviews},
  url       = {https://doi.org/10.1146/annurev.nucl.53.041002.110503},
}

@Comment{jabref-meta: databaseType:bibtex;}
